@article{ Sontayasara_2021jdr,
	title={Twitter Sentiment Analysis of Bangkok Tourism During COVID-19 Pandemic Using Support Vector Machine Algorithm},
	author={Thanapat Sontayasara and Sirawit Jariyapongpaiboon and Arnon Promjun and Napat Seelpipat and Kumpol Saengtabtim and Jing Tang and Natt Leelawat},
	journal={Journal of Disaster Research},
	volume={16},
	number={1},
	pages={24-30},
	year={2021},
	doi={10.20965/jdr.2021.p0024}
 }
	